<record><leader>00000cas a2200000 a 4500</leader><controlfield tag="001">8786480</controlfield><controlfield tag="008">820918d1826183uctuwr ne      0    0eng  </controlfield><datafield ind1=" " ind2=" " tag="010"><subfield code="a">sn 82014597 </subfield></datafield><datafield ind1=" " ind2=" " tag="040"><subfield code="a">DLC</subfield><subfield code="b">eng</subfield><subfield code="c">DLC</subfield><subfield code="d">NPX</subfield><subfield code="d">DLC</subfield><subfield code="d">OCL</subfield><subfield code="d">CNW</subfield><subfield code="d">OCL</subfield><subfield code="d">OCLCG</subfield><subfield code="d">CUI</subfield><subfield code="d">OCLCQ</subfield><subfield code="d">OCLCF</subfield></datafield><datafield ind1="1" ind2=" " tag="029"><subfield code="a">AU@</subfield><subfield code="b">000025819709</subfield></datafield><datafield ind1=" " ind2=" " tag="043"><subfield code="a">n-us-ct</subfield></datafield><datafield ind1="0" ind2="0" tag="050"><subfield code="a">Newspaper 7225-X</subfield></datafield><datafield ind1=" " ind2="4" tag="050"><subfield code="a">AN</subfield></datafield><datafield ind1="0" ind2="0" tag="245"><subfield code="a">Windham County advertiser.</subfield></datafield><datafield ind1="3" ind2="0" tag="246"><subfield code="a">Brooklyn journal and Windham County advertiser</subfield></datafield><datafield ind1=" " ind2=" " tag="260"><subfield code="a">Brooklyn, Conn. :</subfield><subfield code="b">Horatio Webb</subfield></datafield><datafield ind1=" " ind2=" " tag="300"><subfield code="a">v. ;</subfield><subfield code="c">68 cm.</subfield></datafield><datafield ind1=" " ind2=" " tag="310"><subfield code="a">Weekly</subfield></datafield><datafield ind1="1" ind2=" " tag="362"><subfield code="a">Began 1826.</subfield></datafield><datafield ind1=" " ind2=" " tag="500"><subfield code="a">Published as: Brooklyn journal and Windham County advertiser, &lt;Dec. 2-9, 1828-&gt;</subfield></datafield><datafield ind1=" " ind2=" " tag="500"><subfield code="a">Publishers: John Gray, &lt;1827-1828&gt;; William H. Bigelow, &lt;Dec. 1828&gt;; Holbrook &amp; Webber, &lt;1830-1831&gt;; Benjamin E. Palmer, &lt;1832&gt;; J. Holbrook, &lt;1833&gt;.</subfield></datafield><datafield ind1=" " ind2=" " tag="500"><subfield code="a">Editors: J. Gray, &lt;1826-1828&gt;; J. Holbrook, &lt;1833&gt;.</subfield></datafield><datafield ind1=" " ind2=" " tag="588"><subfield code="a">Description based on: Vol. 1, no. 5 (Sept. 12, 1826).</subfield></datafield><datafield ind1=" " ind2="0" tag="651"><subfield code="a">Brooklyn (Conn.)</subfield><subfield code="v">Newspapers.</subfield></datafield><datafield ind1=" " ind2="0" tag="651"><subfield code="a">Windham County (Conn.)</subfield><subfield code="v">Newspapers.</subfield></datafield><datafield ind1=" " ind2="7" tag="655"><subfield code="a">Newspapers.</subfield><subfield code="2">fast</subfield><subfield code="0">(OCoLC)fst01423814</subfield></datafield><datafield ind1=" " ind2="7" tag="651"><subfield code="a">Connecticut</subfield><subfield code="z">Brooklyn.</subfield><subfield code="2">fast</subfield><subfield code="0">(OCoLC)fst01259969</subfield></datafield><datafield ind1=" " ind2="7" tag="651"><subfield code="a">Connecticut</subfield><subfield code="z">Windham County.</subfield><subfield code="2">fast</subfield><subfield code="0">(OCoLC)fst01212082</subfield></datafield><datafield ind1="1" ind2=" " tag="700"><subfield code="a">Webb, Horatio,</subfield><subfield code="d">1794-1863.</subfield></datafield><datafield ind1=" " ind2=" " tag="752"><subfield code="a">United States</subfield><subfield code="b">Connecticut</subfield><subfield code="c">Windham</subfield><subfield code="d">Brooklyn.</subfield></datafield><datafield ind1="0" ind2="0" tag="780"><subfield code="t">Observer (Brooklyn, Conn.)</subfield><subfield code="w">(DLC)sn 84025787</subfield><subfield code="w">(OCoLC)10728816</subfield></datafield></record>